<?xml version="1.0" encoding="UTF-8"?><collection xmlns="http://www.loc.gov/MARC21/slim"><record><leader>00358nam--2200133-i-4500</leader><controlfield tag="001">000017799</controlfield><controlfield tag="002">20161230</controlfield><controlfield tag="005">20170221173109</controlfield><controlfield tag="008">060222s1000------------r-----000-0-eng-d</controlfield><datafield ind1=" " ind2=" " tag="245"><subfield code="a">A.P.I.C. studies in data processing. Software engineering</subfield></datafield><datafield ind1=" " ind2=" " tag="260"><subfield code="a">London</subfield><subfield code="b">Academic Press</subfield><subfield code="c">1977</subfield></datafield><datafield ind1=" " ind2=" " tag="700"><subfield code="a">Perrott, R. H</subfield></datafield><datafield ind1=" " ind2=" " tag="852"><subfield code="a">18456</subfield></datafield><datafield ind1=" " ind2=" " tag="CAT"><subfield code="a">SYS</subfield><subfield code="c">20170221</subfield><subfield code="h">173109</subfield></datafield></record></collection>